<collection xmlns="http://www.loc.gov/MARC21/slim"><record><leader>00876nam  2200241   450</leader><controlfield tag="001">757</controlfield><controlfield tag="003">http://montalegre.opacnet.com/OPAC/default.aspx?ContentAreaControl=ShowRegHoldings.ascx&amp;RegNo=16662</controlfield><datafield tag="095" ind1=" " ind2=" "><subfield code="a">PTBN00027834</subfield></datafield><datafield tag="100" ind1=" " ind2=" "><subfield code="a">19840201d1984    m  y0pora010305  ba</subfield></datafield><datafield tag="101" ind1="1" ind2=" "><subfield code="a">por</subfield><subfield code="c">eng</subfield></datafield><datafield tag="102" ind1=" " ind2=" "><subfield code="a">PT</subfield></datafield><datafield tag="200" ind1="1" ind2=" "><subfield code="a">Filhos e amantes</subfield><subfield code="f">D. H. Lawrence</subfield><subfield code="g">trad. Inês Busse</subfield></datafield><datafield tag="210" ind1=" " ind2=" "><subfield code="a">Mem Martins</subfield><subfield code="c">Europa-América</subfield><subfield code="d">[D.L. 1984]-</subfield></datafield><datafield tag="215" ind1=" " ind2=" "><subfield code="a">1vº. 203p: , 2 vº. 183p.</subfield><subfield code="d">18 cm</subfield></datafield><datafield tag="225" ind1="2" ind2=" "><subfield code="a">Livros de bolso Europa-América</subfield><subfield code="v">376; 381</subfield></datafield><datafield tag="304" ind1=" " ind2=" "><subfield code="a">Tít. orig. Sons and lovers</subfield></datafield><datafield tag="675" ind1=" " ind2=" "><subfield code="a">821.111-31"19"</subfield><subfield code="v">BN</subfield><subfield code="z">por</subfield></datafield><datafield tag="700" ind1=" " ind2="1"><subfield code="a">Lawrence</subfield><subfield code="b">D. H.</subfield><subfield code="f">1885-1930</subfield></datafield><datafield tag="702" ind1=" " ind2="1"><subfield code="a">Busse</subfield><subfield code="b">Inês</subfield><subfield code="4">730</subfield></datafield><datafield tag="801" ind1=" " ind2="0"><subfield code="a">PT</subfield><subfield code="b">Biblioteca Municipal de Montalegre</subfield><subfield code="g">RPC</subfield></datafield><datafield tag="856" ind1=" " ind2=" "><subfield code="u">locateMedia.asp?cod=20060620104153&amp;ext=jpg</subfield><subfield code="z">CAPA</subfield></datafield><datafield tag="856" ind1=" " ind2=" "><subfield code="u">locateMedia.asp?cod=20060620104246&amp;ext=jpg</subfield><subfield code="z">CAPA</subfield></datafield><datafield tag="909" ind1="&#9;" ind2=" "><subfield code="a">2</subfield></datafield><datafield tag="966" ind1=" " ind2=" "><subfield code="a">0005339</subfield><subfield code="l">BMM</subfield><subfield code="s">SCG 821 LAW fil 376</subfield></datafield><datafield tag="966" ind1=" " ind2=" "><subfield code="a">0005338</subfield><subfield code="l">BMM</subfield><subfield code="s">SCG 821 LAW fil 381</subfield></datafield></record></collection>